<record><leader>00000cas a22000007a 4500</leader><controlfield tag="001">14056339</controlfield><controlfield tag="008">860807d18351836txuwr ne      0    0eng d</controlfield><datafield ind1=" " ind2=" " tag="010"><subfield code="a">sn 86088442 </subfield></datafield><datafield ind1=" " ind2=" " tag="040"><subfield code="a">PPM</subfield><subfield code="b">eng</subfield><subfield code="c">PPM</subfield><subfield code="d">OCL</subfield><subfield code="d">PPM</subfield><subfield code="d">OCLCQ</subfield></datafield><datafield ind1=" " ind2=" " tag="019"><subfield code="a">14224892</subfield></datafield><datafield ind1=" " ind2=" " tag="042"><subfield code="a">msc</subfield></datafield><datafield ind1="0" ind2="0" tag="245"><subfield code="a">Texean and emigrant's guide.</subfield></datafield><datafield ind1="1" ind2="3" tag="246"><subfield code="a">Texian and emigrant's guide</subfield></datafield><datafield ind1=" " ind2=" " tag="260"><subfield code="a">Nacogdoches, Tex. :</subfield><subfield code="b">D.E. Lawhon,</subfield><subfield code="c">1835-</subfield></datafield><datafield ind1=" " ind2=" " tag="300"><subfield code="a">1 v. ;</subfield><subfield code="c">56 cm.</subfield></datafield><datafield ind1=" " ind2=" " tag="310"><subfield code="a">Weekly</subfield></datafield><datafield ind1="0" ind2=" " tag="362"><subfield code="a">Vol. 1, no. 1 (Nov. 28, 1835)-</subfield></datafield><datafield ind1="1" ind2=" " tag="362"><subfield code="a">Ceased in Jan. 1836.</subfield><subfield code="z">Cf. Sibley, M.M. Lone stars and state gazettes.</subfield></datafield><datafield ind1=" " ind2=" " tag="752"><subfield code="a">United States</subfield><subfield code="b">Texas</subfield><subfield code="c">Nacogdoches</subfield><subfield code="d">Nacogdoches.</subfield></datafield><datafield ind1="1" ind2=" " tag="029"><subfield code="a">AU@</subfield><subfield code="b">000025834777</subfield></datafield></record>